% This file was created with JabRef 2.10b2.
% Encoding: UTF-8


@Manual{theoryguide,
  Title                    = {Fluent Theory Guide},
  Author                   = {ANSYS},
  Edition                  = {16.0},
  Month                    = {January},
  Organization             = {ANSYS Inc.},
  Year                     = {2015},

  Owner                    = {mrd},
  Timestamp                = {2015.08.05}
}

@Manual{UDF,
  Title                    = {Fluent UDF Manual},
  Author                   = {ANSYS},
  Edition                  = {16.0},
  Month                    = {January},
  Organization             = {ANSYS Inc.},
  Year                     = {2015},

  Owner                    = {mrd},
  Timestamp                = {2015.08.05}
}

@Article{eriksson,
  Title                    = {Neutrally Buoyant gas dispersion within an urban street canyon.},
  Author                   = {Eriksson, Daniel},
  Journal                  = {MekIT'15},
  Year                     = {2015},

  Owner                    = {mrd},
  Timestamp                = {2015.07.20}
}

@Article{dynsmag,
  Title                    = {A dynamic subgrid-scale eddy viscosity model},
  Author                   = {Germano, Massimo and Piomelli, Ugo and Moin, Parviz and Cabot, William H.},
  Journal                  = {Physics of Fluids A},
  Year                     = {1991},
  Number                   = {7},
  Pages                    = {1760-1765},
  Volume                   = {3},

  Doi                      = {http://dx.doi.org/10.1063/1.857955},
  Owner                    = {mrd},
  Timestamp                = {2015.08.05},
  Url                      = {http://scitation.aip.org/content/aip/journal/pofa/3/7/10.1063/1.857955}
}

@Article{Ham,
  Title                    = {An efficient scheme for large eddy simulation of low-{M}a combustion in complex configurations.},
  Author                   = {Ham, F.},
  Journal                  = {Annual Research Briefs},
  Year                     = {2007},

  Owner                    = {mrd},
  Timestamp                = {2015.07.20}
}

@Article{mason1994large,
  Title                    = {Large-eddy simulation: A critical review of the technique},
  Author                   = {Mason, Paul J},
  Journal                  = {Quarterly Journal of the Royal Meteorological Society},
  Year                     = {1994},
  Number                   = {515},
  Pages                    = {1--26},
  Volume                   = {120},

  Publisher                = {Wiley Online Library}
}

@Article{smagorinsky,
  Title                    = {General circulation experiments with the primitive equations I. {T}he basic experiment.},
  Author                   = {J. Smagorinsky},
  Journal                  = {Mon. Weather Rev.},
  Year                     = {1963},
  Volume                   = {91},

  Owner                    = {mrd},
  Timestamp                = {2015.07.13}
}

@Manual{CDP,
  Title                    = {User's and Developer's Manual},
  Author                   = {CASCADE Technologies},
  Year                     = {2014},

  Owner                    = {mrd},
  Timestamp                = {2015.08.05}
}

@book{Pope,
    author = {Stephen B. Pope},
    title = {Turbulent Flows}, 
    publisher = {Cambridge University Press}, 
    year = {2000},
    isbn = {9780511840531}, 
    note = {Cambridge Books Online}, 
    url = {http://dx.doi.org/10.1017/CBO9780511840531}
}
