% This file was created with JabRef 2.10b2.
% Encoding: UTF-8


@Article{arnold1985mixed,
  Title                    = {Mixed and nonconforming finite element methods: implementation, postprocessing and error estimates},
  Author                   = {Arnold, Douglas N and Brezzi, Franco},
  Journal                  = {RAIRO-Mod{\'e}lisation math{\'e}matique et analyse num{\'e}rique},
  Year                     = {1985},
  Number                   = {1},
  Pages                    = {7--32},
  Volume                   = {19}
}

@Article{Bayraktar2012,
  Title                    = {Benchmark computations of {3D} laminar flow around a cylinder with CFX, OpenFOAM and FeatFlow},
  Author                   = {Bayraktar, Evren and Mierka, Otto and Turek, Stefan},
  Journal                  = {International Journal of Computational Science and Engineering},
  Year                     = {2012},
  Number                   = {3},
  Pages                    = {253},
  Volume                   = {7},

  __markedentry            = {[magnus:6]},
  Doi                      = {10.1504/ijcse.2012.048245},
  ISSN                     = {1742-7193},
  Owner                    = {magnus},
  Publisher                = {Inderscience Publishers},
  Timestamp                = {2015.10.28},
  Url                      = {http://dx.doi.org/10.1504/IJCSE.2012.048245}
}

@Book{Canuto,
  Title                    = {Spectral methods : evolution to complex geometries and applications to fluid dynamics},
  Author                   = {C. Canuto and M.Y Hussaini and A. Quarteroni\ldots [et al.]},
  Publisher                = {Springer},
  Year                     = {2007},

  Address                  = {Berlin},
  Series                   = {Scientific computation},

  ISBN                     = {978-3-540-30727-3},
  Url                      = {http://opac.inria.fr/record=b1127560}
}

@Article{Canuto1982,
  Title                    = {Approximation results for orthogonal polynomials in Sobolev spaces},
  Author                   = {Canuto, C. and Quarteroni, A.},
  Journal                  = {Mathematics of Computation},
  Year                     = {1982},

  Month                    = {Jan},
  Number                   = {157},
  Pages                    = {67–67},
  Volume                   = {38},

  Doi                      = {10.1090/s0025-5718-1982-0637287-3},
  ISSN                     = {0025-5718},
  Owner                    = {magnus},
  Publisher                = {American Mathematical Society (AMS)},
  Timestamp                = {2015.06.04},
  Url                      = {http://dx.doi.org/10.1090/S0025-5718-1982-0637287-3}
}

@Article{Deville,
  Title                    = {High-Order Methods for Incompressible Fluid Flow},
  Author                   = {Deville, M. O. and Fischer, P. F. and Mund, E. H.},
  Year                     = {2002},

  __markedentry            = {[magnus:]},
  Doi                      = {10.1017/cbo9780511546792},
  ISBN                     = {http://id.crossref.org/isbn/9780521453097},
  Owner                    = {magnus},
  Publisher                = {Cambridge University Press (CUP)},
  Timestamp                = {2015.10.28},
  Url                      = {http://dx.doi.org/10.1017/CBO9780511546792}
}

@Article{Fischer96,
  Title                    = {Projection Techniques for Iterative Solution of Ax=b with successive right-hand sides},
  Author                   = {Paul F. Fischer},
  Journal                  = {Comp. Meth. in Appl. Mech},
  Year                     = {1993},
  Pages                    = {193--204},
  Volume                   = {163}
}

@Article{Fischer_hybridschwarz-multigrid,
  Title                    = {Hybrid Schwarz-multigrid methods for the spectral element method},
  Author                   = {Paul F. Fischer and James W. Lottes},
  Journal                  = {J. Sci. Comput},
  Pages                    = {45--78}
}

@Article{hughes1989,
  Title                    = {A new finite element formulation for computational fluid dynamics: VIII. The Galerkin/least-squares method for advective-diffusive equations},
  Author                   = {Hughes, Thomas JR and Franca, Leopoldo P and Hulbert, Gregory M},
  Journal                  = {Computer Methods in Applied Mechanics and Engineering},
  Year                     = {1989},
  Number                   = {2},
  Pages                    = {173--189},
  Volume                   = {73},

  Publisher                = {Elsevier}
}

@Book{karniadakis,
  Title                    = {Spectral/hp element methods for computational fluid dynamics},
  Author                   = {Karniadakis, George and Sherwin, Spencer},
  Publisher                = {Oxford University Press},
  Year                     = {2013}
}

@Article{Patera1986,
  Title                    = {An isoparametric spectral element method for solution of the Navier-Stokes equations in complex geometry},
  Author                   = {Korczak, Karol Z. and Patera, Anthony T.},
  Journal                  = {Journal of Computational Physics},
  Year                     = {1986},

  Month                    = {Feb},
  Number                   = {2},
  Pages                    = {361–382},
  Volume                   = {62},

  Doi                      = {10.1016/0021-9991(86)90134-8},
  ISSN                     = {0021-9991},
  Owner                    = {mrd},
  Publisher                = {Elsevier BV},
  Timestamp                = {2015.10.27},
  Url                      = {http://dx.doi.org/10.1016/0021-9991(86)90134-8}
}

@Article{Patera1984,
  Title                    = {A spectral element method for fluid dynamics: Laminar flow in a channel expansion},
  Author                   = {Patera, Anthony T},
  Journal                  = {Journal of Computational Physics},
  Year                     = {1984},

  Month                    = {Jun},
  Number                   = {3},
  Pages                    = {468–488},
  Volume                   = {54},

  Doi                      = {10.1016/0021-9991(84)90128-1},
  ISSN                     = {0021-9991},
  Owner                    = {mrd},
  Publisher                = {Elsevier BV},
  Timestamp                = {2015.10.27},
  Url                      = {http://dx.doi.org/10.1016/0021-9991(84)90128-1}
}

@Book{Quarteroni,
  Title                    = {Numerical Models for Differential Problems, 2. edition},
  Author                   = {Alfio Quarteroni},
  Publisher                = {Springer},
  Year                     = {2014},

  Owner                    = {magnus},
  Timestamp                = {2015.04.20}
}

@Book{Saad,
  Title                    = {Iterative Methods for Sparse Linear Systems, Second Edition},
  Author                   = {Yousef Saad},
  Publisher                = {Society for Industrial and Applied Mathematics},
  Year                     = {2003},

  Owner                    = {magnus},
  Timestamp                = {2015.06.18}
}

@Book{SM,
  Title                    = {An Introduction to Numerical Analysis},
  Author                   = {Endre Süli and David F. Mayers},
  Publisher                = {Cambridge},
  Year                     = {2006},

  Owner                    = {magnus},
  Timestamp                = {2015.05.08}
}

@Misc{benchmark,
  Title                    = {Recent Benchmark Computations of Laminar Flow Around a Cylinder},

  Author                   = {S. Turek and M. Schäfer},
  Year                     = {1996}
}

@Book{White,
  Title                    = {Viscous fluid flow},
  Author                   = {White, Frank M.},
  Publisher                = {McGraw-Hill},
  Year                     = {1991},

  Address                  = {New York},
  Series                   = {McGraw-Hill series in mechanical engineering},

  ISBN                     = {0-07-069712-4},
  Url                      = {http://opac.inria.fr/record=b1096847}
}

@Manual{Nek,
  Title                    = {NEK5000 documentation},
  Year                     = {2015},
  Owner                    = {magnus},
  Timestamp                = {2015.11.07}
}

